@BOOK{Gonzales2002,
    Address        = {},
    Author         = {Rafael C. Gonzalez and Richard E. Woods},
    Publisher      = {Prentice Hall},
    Title          = {Digital Image Processing},
    Year           = {2002}
}

@ARTICLE{Cheng,
    Author         = {H. D. Cheng and X. H. Jiang and Y. Sun and Jing Li Wang},
    Journal          = {Pattern Recognition},
    Pages        = {2259--2281},
    Title          = {Color Image Segmentation: Advances \& Prospects},
    Volume         = {34},
    Year           = {2001}
}

@ARTICLE{Vogt,
    Author         = {R. J. Godoy and P. Novara and J. P. Vogt},
    Journal        = {37 JAIIO},
    Pages          = {},
    Title          = {Reconocimiento de se√±as},
    Volume         = {},
    Year           = {2008}
}
